


@article{Premkumar_2022, title={Intelligent Remote Photoplethysmography-Based Methods for Heart Rate Estimation from Face Videos: A Survey}, volume={9}, ISSN={2227-9709}, url={http://dx.doi.org/10.3390/informatics9030057}, DOI={10.3390/informatics9030057}, number={3}, journal={Informatics}, publisher={MDPI AG}, author={Premkumar, Smera and Hemanth, Duraisamy Jude}, year={2022}, month=aug, pages={57} }




@article{Reyes_Lu_vano_2023, title={DFU_VIRNet: A novel Visible-InfraRed CNN to improve diabetic foot ulcer classification and early detection of ulcer risk zones}, volume={86}, ISSN={1746-8094}, url={http://dx.doi.org/10.1016/j.bspc.2023.105341}, DOI={10.1016/j.bspc.2023.105341}, journal={Biomedical Signal Processing and Control}, publisher={Elsevier BV}, author={Reyes-Luévano, Juan and Guerrero-Viramontes, J.A. and Rubén Romo-Andrade, J. and Funes-Gallanzi, M.}, year={2023}, month=sep, pages={105341} }




@article{Toofanee_2023, title={DFU-SIAM a Novel Diabetic Foot Ulcer Classification With Deep Learning}, volume={11}, ISSN={2169-3536}, url={http://dx.doi.org/10.1109/ACCESS.2023.3312531}, DOI={10.1109/access.2023.3312531}, journal={IEEE Access}, publisher={Institute of Electrical and Electronics Engineers (IEEE)}, author={Toofanee, Mohammud Shaad Ally and Dowlut, Sabeena and Hamroun, Mohamed and Tamine, Karim and Petit, Vincent and Duong, Anh Kiet and Sauveron, Damien}, year={2023}, pages={98315–98332} }

